@book{Robert2004,
    title={Monte Carlo Statistical Methods},
    author={Robert, Christian P and Casella, George},
    year={2004},
    publisher={Springer Science \& Business Media}
}

@book{Doucet2001,
    title={Sequential Monte Carlo Methods in Practice},
    author={Doucet, Arnaud and De Freitas, Nando and Gordon, Neil},
    year={2001},
    publisher={Springer New York, NY}
}

@article{Haario2001,
    title={An adaptive {M}etropolis algorithm},
    author={Haario, Heikki and Saksman, Eero and Tamminen, Johanna},
    journal={Bernoulli},
    volume={7},
    number={2},
    pages={223--242},
    year={2001},
    publisher={Bernoulli Society for Mathematical Statistics and Probability}
}

@article{Beskos2014,
    title={Stability of sequential {M}onte {C}arlo methods in high dimensions},
    author={Beskos, Alexandros and Crisan, Dan and Jasra, Ajay},
    journal={The Annals of Applied Probability},
    volume={24},
    number={4},
    pages={1396--1445},
    year={2014},
    publisher={Institute of Mathematical Statistics}
}

@article{DelMoral2006,
    title={Sequential {M}onte {C}arlo samplers},
    author={Del Moral, Pierre and Doucet, Arnaud and Jasra, Ajay},
    journal={Journal of the Royal Statistical Society: Series B (Statistical Methodology)},
    volume={68},
    number={3},
    pages={411--436},
    year={2006},
    publisher={Wiley Online Library}
}

@incollection{Neal2001,
    title={Annealed importance sampling},
    author={Neal, Radford M},
    booktitle={Statistics and computing},
    volume={11},
    pages={125--139},
    year={2001},
    publisher={Springer}
}

@article{Jasra2011,
    title={Inference for {L}\'evy-driven stochastic differential equations: a sequential {M}onte {C}arlo approach},
    author={Jasra, Ajay and Stephens, David A and Doucet, Arnaud and Tsagaris, T},
    journal={Scandinavian Journal of Statistics},
    volume={38},
    number={1},
    pages={1--21},
    year={2011},
    publisher={Wiley Online Library}
}

@inproceedings{Andrieu2006,
    author = {Andrieu, Christophe and Atchad\'{e}, Y. F.},
    title = {On the efficiency of adaptive MCMC algorithms},
    year = {2006},
    address = {New York, NY, USA},
    booktitle = {Proceedings of the 1st International Conference on Performance Evaluation Methodolgies and Tools},
    pages = {43â€“es},
    keywords = {MCMC, Markov chain Monte Carlo, adaptive Markov chains, coupling, metropolis algorithm, rate of convergence, stochastic approximation},
    location = {Pisa, Italy},
    series = {valuetools '06}
}

@article{Gelman1998,
    title={Simulating normalizing constants: From importance sampling to bridge sampling to path sampling},
    author={Gelman, Andrew and Meng, Xiao-Li},
    journal={Statistical science},
    pages={163--185},
    year={1998},
    publisher={JSTOR}
}
